% -*- coding: cp1251 -*-

@Book{gelfond12-diff,
title = "Исчисление конечных разностей",
author = "Гельфонд, А.О.",
publisher = "М.: Книжный дом <<Либроком>>",
year = "2012"
}

@Article{kreps09,
title = "Повторяющиеся игры, моделирующие биржевые торги, и возвратные последовательности",
author = "Крепс, В.Л.",
journal = "Изв. РАН. Теория и системы управления",
volume = "4",
year = "2009",
pages = "109--120"
}

@Book{samarsky89-num,
title = "Численные методы",
author = "Самарский, А.А. and Гулин,  А.В.",
publisher = "М.: Наука",
year = "1989"
}

@Article{sandomirskaya12,
title = "Решение одношаговой игры биржевых торгов с неполной информацией",
author = "Сандомирская, М.С. and Доманский, В.К.",
journal = "Математическая Теория Игр и ее Приложения",
volume = "4",
number = "1",
year = "2012",
pages = "32--54"
}

@Book{aumann95-rep,
title = "Repeated Games with Incomplete Informaion",
author = "Aumann, R.J. and Maschler, M.B.",
publisher = "The MIT Press",
year = "1995"
}

@Article{chatterjee83,
title = "Bargaining under Incomplete Information",
author = "Chatterjee, K. and Samuelson, W.",
journal = "Operations Research",
volume = "31",
year = "1983",
pages = "835--851"
}

@Article{demeyer02,
title = "On the strategic origin of Brownian motion in finance",
author = "De Meyer, B. and Saley, H.",
journal = "Int J Game Theory",
volume = "31",
year = "2002",
pages = "285--319"
}

@Article{domansky07,
title = "Repeated games with asymmetric information and random price fluctuations at finance markets",
author = "Domansky, V.",
journal = "Int J Game Theory",
volume = "36",
year = "2007",
pages = "241--257"
}

@Article{myerson83,
title = "Efficient Mechanisms for Bilateral Trading",
author = "Myerson, R.B. and Satterthwaite, M. A.",
journal = "Journal of Economic Theory",
volume = "29",
year = "1983",
pages = "265--281"
}

@Article{pyanykh14,
title = "Об одной модификации модели биржевых торгов с инсайдером",
author = "Пьяных, А.И.",
journal = "Математическая Теория Игр и ее Приложения",
volume = "6",
number = "4",
year = "2014",
pages = "68--84"
}
